<record><leader>00000cas a22000007a 4500</leader><controlfield tag="001">17685606</controlfield><controlfield tag="008">880328c19579999pauwr ne      0    0eng d</controlfield><datafield ind1=" " ind2=" " tag="010"><subfield code="a">sn 88079245 </subfield></datafield><datafield ind1=" " ind2=" " tag="040"><subfield code="a">NPH</subfield><subfield code="b">eng</subfield><subfield code="c">NPH</subfield><subfield code="d">NYS</subfield><subfield code="d">OCLCQ</subfield></datafield><datafield ind1=" " ind2=" " tag="042"><subfield code="a">msc</subfield></datafield><datafield ind1="0" ind2=" " tag="130"><subfield code="a">Progress (Pittsburgh, Pa.)</subfield></datafield><datafield ind1="1" ind2="4" tag="245"><subfield code="a">The progress.</subfield></datafield><datafield ind1="3" ind2="0" tag="246"><subfield code="a">Progress advance-leader</subfield></datafield><datafield ind1="3" ind2="0" tag="246"><subfield code="a">Penn Hills progress</subfield></datafield><datafield ind1=" " ind2=" " tag="260"><subfield code="a">Pittsburgh, Pa. :</subfield><subfield code="b">Dardanell Press,</subfield><subfield code="c">1957-</subfield></datafield><datafield ind1=" " ind2=" " tag="300"><subfield code="a">v. :</subfield><subfield code="b">ill. ;</subfield><subfield code="c">58 cm.</subfield></datafield><datafield ind1=" " ind2=" " tag="310"><subfield code="a">Weekly,</subfield><subfield code="b">Nov. 7, 1962-</subfield></datafield><datafield ind1=" " ind2=" " tag="321"><subfield code="a">Weekly,</subfield><subfield code="b">&lt;1959-Mar. 28, 1962&gt;</subfield></datafield><datafield ind1=" " ind2=" " tag="321"><subfield code="a">Biweekly,</subfield><subfield code="b">Apr. 4, 1962-Oct. 31, 1962</subfield></datafield><datafield ind1="0" ind2=" " tag="362"><subfield code="a">Vol. 8, no. 49 (Feb. 21, 1957)-</subfield></datafield><datafield ind1=" " ind2=" " tag="500"><subfield code="a">"Serving Penn Hills," &lt;1980-&gt;.</subfield></datafield><datafield ind1=" " ind2=" " tag="500"><subfield code="a">Publisher: Gateway Press, &lt;1988&gt;.</subfield></datafield><datafield ind1=" " ind2=" " tag="500"><subfield code="a">Published in Penn Hills, &lt;1959&gt;; published in Monroeville, &lt;1988&gt;.</subfield></datafield><datafield ind1=" " ind2=" " tag="500"><subfield code="a">Issues for Apr. 4-Oct. 31, 1962 have title: Progress advance-leader and have ed. statement: Penn Hills-East Suburban ed.</subfield></datafield><datafield ind1=" " ind2=" " tag="500"><subfield code="a">Issues for Jan. 3-Oct. 31, 1973 have title: Penn Hills Progress.</subfield></datafield><datafield ind1=" " ind2=" " tag="500"><subfield code="a">"The East Hills' leading newspaper."</subfield></datafield><datafield ind1=" " ind2=" " tag="752"><subfield code="a">United States</subfield><subfield code="b">Pennsylvania</subfield><subfield code="c">Allegheny</subfield><subfield code="d">Pittsburgh.</subfield></datafield><datafield ind1=" " ind2=" " tag="752"><subfield code="a">United States</subfield><subfield code="b">Pennsylvania</subfield><subfield code="c">Allegheny</subfield><subfield code="d">Monroeville.</subfield></datafield><datafield ind1=" " ind2=" " tag="752"><subfield code="a">United States</subfield><subfield code="b">Pennsylvania</subfield><subfield code="c">Allegheny</subfield><subfield code="d">Penn Hills.</subfield></datafield><datafield ind1="0" ind2=" " tag="775"><subfield code="t">Progress (Pittsburgh, Pa. : East boros ed.)</subfield><subfield code="w">(DLC)sn 88080726</subfield></datafield><datafield ind1="0" ind2=" " tag="775"><subfield code="t">Progress (Pittsburgh, Pa. : Churchill area ed.)</subfield><subfield code="g">&lt;1971-1986&gt;</subfield><subfield code="w">(DLC)sn 88080727</subfield><subfield code="w">(OCoLC)17912530</subfield></datafield><datafield ind1="0" ind2=" " tag="775"><subfield code="t">Woodland area progress star</subfield><subfield code="g">&lt;2000&gt;</subfield><subfield code="w">(DLC)sn 00063039</subfield><subfield code="w">(OCoLC)45631534</subfield></datafield><datafield ind1="0" ind2="0" tag="780"><subfield code="t">Penn progress</subfield><subfield code="w">(DLC)sn 88079246</subfield></datafield></record>